
	<marc:record>
		<marc:leader>00399a   a2200109   4500</marc:leader>
		<marc:controlfield tag="001">19</marc:controlfield>
		<marc:datafield ind1="1" ind2=" " tag="100">
			<marc:subfield code="a">Yates, David</marc:subfield>
		</marc:datafield>
		<marc:datafield ind1="1" ind2="0" tag="245">
			<marc:subfield code="a">Harry Potter and the Deathly Hallows Part 1</marc:subfield>
			<marc:subfield code="h">[Motion Picture]</marc:subfield>
			<marc:subfield code="c">David Yates; Daniel Radcliffe; Emma Watson</marc:subfield>
		</marc:datafield>
		<marc:datafield ind1="3" ind2=" " tag="260">
			<marc:subfield code="a">Neuilly-sur-Seine</marc:subfield>
			<marc:subfield code="b">Warner Home Video</marc:subfield>
			<marc:subfield code="c">2011</marc:subfield>
		</marc:datafield>
		<marc:datafield ind1=" " ind2=" " tag="300">
			<marc:subfield code="a">1 DVD (2 h 20 min)</marc:subfield>
			<marc:subfield code="b">Colors, Audio (PAL)</marc:subfield>
		</marc:datafield>
		<marc:datafield ind1="1" ind2=" " tag="700">
			<marc:subfield code="a">Radcliffe, Daniel</marc:subfield>
		</marc:datafield>
		<marc:datafield ind1="1" ind2=" " tag="700">
			<marc:subfield code="a">Watson, Emma</marc:subfield>
		</marc:datafield>
	</marc:record>