
	<marc:record>
		<marc:leader>00475a   a2200133   4500</marc:leader>
		<marc:controlfield tag="001">27</marc:controlfield>
		<marc:datafield ind1=" " ind2=" " tag="020">
			<marc:subfield code="a">2203389885</marc:subfield>
			<marc:subfield code="c">13.50euro</marc:subfield>
		</marc:datafield>
		<marc:datafield ind1="1" ind2=" " tag="041">
			<marc:subfield code="a">French</marc:subfield>
			<marc:subfield code="h">Italian</marc:subfield>
		</marc:datafield>
		<marc:datafield ind1="1" ind2=" " tag="100">
			<marc:subfield code="a">Mattotti, Lorenzo</marc:subfield>
			<marc:subfield code="4">aut</marc:subfield>
		</marc:datafield>
		<marc:datafield ind1="1" ind2="0" tag="245">
			<marc:subfield code="a">Docteur Jekyll &amp; Mister Hyde</marc:subfield>
			<marc:subfield code="h">[print]</marc:subfield>
			<marc:subfield code="b">free adapatation from the book of Robert L. Stevenson</marc:subfield>
			<marc:subfield code="c">Lorenzo Mattotti; Jerry Kramsky</marc:subfield>
		</marc:datafield>
		<marc:datafield ind1="3" ind2=" " tag="260">
			<marc:subfield code="a">Paris</marc:subfield>
			<marc:subfield code="b">Casterman</marc:subfield>
			<marc:subfield code="c">2002</marc:subfield>
		</marc:datafield>
		<marc:datafield ind1=" " ind2=" " tag="300">
			<marc:subfield code="a">64 pages</marc:subfield>
			<marc:subfield code="b">Colorful illustrations</marc:subfield>
			<marc:subfield code="c">32 cm</marc:subfield>
		</marc:datafield>
		<marc:datafield ind1="1" ind2=" " tag="700">
			<marc:subfield code="a">Kramsky, Jerry</marc:subfield>
		</marc:datafield>
		<marc:datafield ind1="1" ind2=" " tag="700">
			<marc:subfield code="a">Stevenson, Robert Louis</marc:subfield>
		</marc:datafield>
	</marc:record>