
	<marc:record>
		<marc:leader>00410a   a2200133   4500</marc:leader>
		<marc:controlfield tag="001">22</marc:controlfield>
		<marc:datafield ind1=" " ind2=" " tag="020">
			<marc:subfield code="a">2070360377</marc:subfield>
			<marc:subfield code="c">39,00 F</marc:subfield>
		</marc:datafield>
		<marc:datafield ind1="1" ind2=" " tag="041">
			<marc:subfield code="a">French</marc:subfield>
		</marc:datafield>
		<marc:datafield ind1="0" ind2=" " tag="100">
			<marc:subfield code="a">Steinbeck, John</marc:subfield>
		</marc:datafield>
		<marc:datafield ind1="0" ind2="0" tag="245">
			<marc:subfield code="a">Des souris et des hommes</marc:subfield>
			<marc:subfield code="c">John Steinbeck; translated by M.E. Coindreau</marc:subfield>
		</marc:datafield>
		<marc:datafield ind1="3" ind2=" " tag="260">
			<marc:subfield code="a">Paris</marc:subfield>
			<marc:subfield code="b">Gallimard</marc:subfield>
			<marc:subfield code="c">1992</marc:subfield>
		</marc:datafield>
		<marc:datafield ind1=" " ind2=" " tag="300">
			<marc:subfield code="a">189 pages</marc:subfield>
			<marc:subfield code="b">Cover with colorful illustrations</marc:subfield>
			<marc:subfield code="c">18 cm</marc:subfield>
		</marc:datafield>
		<marc:datafield ind1="0" ind2=" " tag="700">
			<marc:subfield code="a">Coindreau, M.E.</marc:subfield>
		</marc:datafield>
		<marc:datafield ind1="0" ind2=" " tag="765">
			<marc:subfield code="w">tauth-010</marc:subfield>
			<marc:subfield code="t">Of Mice and men</marc:subfield>
		</marc:datafield>
	</marc:record>