
	<marc:record>
		<marc:leader>00418a   a2200109   4500</marc:leader>
		<marc:controlfield tag="001">28</marc:controlfield>
		<marc:datafield ind1="1" ind2=" " tag="100">
			<marc:subfield code="a">Hooper, Tim</marc:subfield>
		</marc:datafield>
		<marc:datafield ind1="1" ind2="0" tag="245">
			<marc:subfield code="a">Les miserables</marc:subfield>
			<marc:subfield code="h">[Motion Picture]</marc:subfield>
			<marc:subfield code="c">director, Tom Hooper; author, Victor Hugo; actor, Hugh Jackman; actor, Russell Crowe</marc:subfield>
		</marc:datafield>
		<marc:datafield ind1="3" ind2=" " tag="260">
			<marc:subfield code="a">Universal city</marc:subfield>
			<marc:subfield code="b">Universal</marc:subfield>
			<marc:subfield code="c">cop. 2013</marc:subfield>
		</marc:datafield>
		<marc:datafield ind1=" " ind2=" " tag="300">
			<marc:subfield code="a">1 DVD monoface area 2 (2 h 31 min)</marc:subfield>
			<marc:subfield code="b">Colors (PAL), audio</marc:subfield>
		</marc:datafield>
		<marc:datafield ind1="1" ind2=" " tag="700">
			<marc:subfield code="a">Jackman, Hugh</marc:subfield>
		</marc:datafield>
		<marc:datafield ind1="1" ind2=" " tag="700">
			<marc:subfield code="a">Crowe, Russell</marc:subfield>
		</marc:datafield>
		<marc:datafield ind1="1" ind2=" " tag="700">
			<marc:subfield code="a">Hugo, Victor</marc:subfield>
		</marc:datafield>
	</marc:record>