
	<marc:record>
		<marc:leader>00483a   a2200133   4500</marc:leader>
		<marc:controlfield tag="001">29</marc:controlfield>
		<marc:datafield ind1=" " ind2=" " tag="020">
			<marc:subfield code="a">9782302013773</marc:subfield>
			<marc:subfield code="c">6,95 euro</marc:subfield>
		</marc:datafield>
		<marc:datafield ind1="1" ind2=" " tag="041">
			<marc:subfield code="a">French</marc:subfield>
		</marc:datafield>
		<marc:datafield ind1="1" ind2="0" tag="245">
			<marc:subfield code="a">miserables (Les )</marc:subfield>
			<marc:subfield code="h">Manga</marc:subfield>
			<marc:subfield code="c">based on writting by Victor Hugo; adapted in manga by studio Variety artworks</marc:subfield>
		</marc:datafield>
		<marc:datafield ind1="3" ind2=" " tag="260">
			<marc:subfield code="a">Paris</marc:subfield>
			<marc:subfield code="b">Soleil</marc:subfield>
			<marc:subfield code="c">2011</marc:subfield>
		</marc:datafield>
		<marc:datafield ind1=" " ind2=" " tag="300">
			<marc:subfield code="a">Not paged</marc:subfield>
			<marc:subfield code="b">Illustrations, Cover with illustrations</marc:subfield>
			<marc:subfield code="c">19 cm</marc:subfield>
		</marc:datafield>
		<marc:datafield ind1="0" ind2=" " tag="520">
			<marc:subfield code="a">The masterpiece of the literature adapted in manga</marc:subfield>
		</marc:datafield>
		<marc:datafield ind1="1" ind2=" " tag="700">
			<marc:subfield code="a">Hugo, Victor</marc:subfield>
		</marc:datafield>
		<marc:datafield ind1="1" ind2=" " tag="700">
			<marc:subfield code="a">Studio Variety Artworks</marc:subfield>
			<marc:subfield code="4">adp</marc:subfield>
		</marc:datafield>
	</marc:record>