
	<marc:record>
		<marc:leader>00770a   a2200145   4500</marc:leader>
		<marc:controlfield tag="001">6</marc:controlfield>
		<marc:controlfield tag="008"/>
		<marc:datafield ind1=" " ind2=" " tag="020">
			<marc:subfield code="a">9782013226554</marc:subfield>
			<marc:subfield code="c">5,90 EUR</marc:subfield>
		</marc:datafield>
		<marc:datafield ind1="1" ind2=" " tag="100">
			<marc:subfield code="a">Twain, Mark</marc:subfield>
		</marc:datafield>
		<marc:datafield ind1="1" ind2="0" tag="245">
			<marc:subfield code="a">aventures de Tom Sawyer (Les)</marc:subfield>
			<marc:subfield code="c">Mark Twain; translated by P. F. Caille and Y. Dubois-Mauvais</marc:subfield>
		</marc:datafield>
		<marc:datafield ind1="3" ind2=" " tag="260">
			<marc:subfield code="a">Paris</marc:subfield>
			<marc:subfield code="b">Hachette</marc:subfield>
			<marc:subfield code="c">2008</marc:subfield>
		</marc:datafield>
		<marc:datafield ind1=" " ind2=" " tag="300">
			<marc:subfield code="a">411 pages</marc:subfield>
			<marc:subfield code="c">18 cm</marc:subfield>
		</marc:datafield>
		<marc:datafield ind1="0" ind2=" " tag="520">
			<marc:subfield code="a">Tom n'aime rien tant que l'ecole buissonniere, les expeditions avec ce voyou de Huck, la vie de pirates sur une ile du Mississippi, sans oublier la petite Becky. Mais sa tante Polly ne voit pas cela d'un tres bon oeil ! Et si elle savait que Tom et Huck, caches dans un cimetiere pendant une terrible nuit, ont vu tuer un homme.</marc:subfield>
		</marc:datafield>
		<marc:datafield ind1="1" ind2=" " tag="700">
			<marc:subfield code="a">Caille, Pierre-Francois</marc:subfield>
			<marc:subfield code="d">1907-1979</marc:subfield>
		</marc:datafield>
		<marc:datafield ind1="1" ind2=" " tag="700">
			<marc:subfield code="a">Dubois-Mauvais, Y.</marc:subfield>
		</marc:datafield>
		<marc:datafield ind1="0" ind2=" " tag="765">
			<marc:subfield code="w">tauth-009</marc:subfield>
			<marc:subfield code="t">The Adventures of Tom Sawyer</marc:subfield>
		</marc:datafield>
	</marc:record>