
	<marc:record>
		<marc:leader>00475a   a2200157   4500</marc:leader>
		<marc:controlfield tag="001">4</marc:controlfield>
		<marc:datafield ind1=" " ind2=" " tag="020">
			<marc:subfield code="a">9782013223973</marc:subfield>
			<marc:subfield code="c">4.50 euro</marc:subfield>
		</marc:datafield>
		<marc:datafield ind1="1" ind2=" " tag="041">
			<marc:subfield code="a">French</marc:subfield>
			<marc:subfield code="h">English</marc:subfield>
		</marc:datafield>
		<marc:datafield ind1="1" ind2=" " tag="100">
			<marc:subfield code="a">Stevenson, Robert Louis</marc:subfield>
		</marc:datafield>
		<marc:datafield ind1="0" ind2="0" tag="245">
			<marc:subfield code="a">Ile au tresor (L')</marc:subfield>
			<marc:subfield code="c">Robert Louis Stevenson; translated by Michel Laporte</marc:subfield>
		</marc:datafield>
		<marc:datafield ind1="3" ind2=" " tag="260">
			<marc:subfield code="a">Paris</marc:subfield>
			<marc:subfield code="b">Hachette</marc:subfield>
			<marc:subfield code="c">2010</marc:subfield>
		</marc:datafield>
		<marc:datafield ind1=" " ind2=" " tag="300">
			<marc:subfield code="a">248 p.</marc:subfield>
			<marc:subfield code="c">18 cm</marc:subfield>
		</marc:datafield>
		<marc:datafield ind1="0" ind2=" " tag="490">
			<marc:subfield code="a">Classique</marc:subfield>
		</marc:datafield>
		<marc:datafield ind1="1" ind2=" " tag="700">
			<marc:subfield code="a">Laporte, Michel</marc:subfield>
		</marc:datafield>
		<marc:datafield ind1="1" ind2=" " tag="760">
			<marc:subfield code="w">colauth-004</marc:subfield>
			<marc:subfield code="t">Livre de poche classique</marc:subfield>
		</marc:datafield>
		<marc:datafield ind1="0" ind2=" " tag="765">
			<marc:subfield code="w">tauth-008</marc:subfield>
			<marc:subfield code="t">Treasure Island</marc:subfield>
		</marc:datafield>
	</marc:record>