
	<marc:record>
		<marc:leader>00483a   a2200145   4500</marc:leader>
		<marc:controlfield tag="001">32</marc:controlfield>
		<marc:datafield ind1=" " ind2=" " tag="020">
			<marc:subfield code="a">9782205067583</marc:subfield>
			<marc:subfield code="c">11,95 eur</marc:subfield>
		</marc:datafield>
		<marc:datafield ind1="1" ind2=" " tag="041">
			<marc:subfield code="a">French</marc:subfield>
		</marc:datafield>
		<marc:datafield ind1="1" ind2=" " tag="100">
			<marc:subfield code="a">Larcenet, Manu</marc:subfield>
		</marc:datafield>
		<marc:datafield ind1="1" ind2="0" tag="245">
			<marc:subfield code="a">Armure du Jakolass (L')</marc:subfield>
			<marc:subfield code="b">Valerian par Manu Larcenet</marc:subfield>
			<marc:subfield code="h">[print]</marc:subfield>
			<marc:subfield code="c">Manu Larcenet; from Christin et Mezieres</marc:subfield>
		</marc:datafield>
		<marc:datafield ind1="3" ind2=" " tag="260">
			<marc:subfield code="b">Dargaud</marc:subfield>
			<marc:subfield code="c">2011</marc:subfield>
		</marc:datafield>
		<marc:datafield ind1="0" ind2=" " tag="520">
			<marc:subfield code="a">In this album, the author manages to parody the cult series without dishonoring it.</marc:subfield>
		</marc:datafield>
		<marc:datafield ind1="1" ind2=" " tag="700">
			<marc:subfield code="a">Christin, Pierre</marc:subfield>
		</marc:datafield>
		<marc:datafield ind1="1" ind2=" " tag="700">
			<marc:subfield code="a">Mezieres, Jean-Claude</marc:subfield>
		</marc:datafield>
	</marc:record>