
	<marc:record>
		<marc:leader>00429a   a2200133   4500</marc:leader>
		<marc:controlfield tag="001">2</marc:controlfield>
		<marc:datafield ind1=" " ind2=" " tag="020">
			<marc:subfield code="a">9782070558902</marc:subfield>
			<marc:subfield code="c">14 euro</marc:subfield>
		</marc:datafield>
		<marc:datafield ind1="1" ind2=" " tag="041">
			<marc:subfield code="a">French</marc:subfield>
			<marc:subfield code="h">English</marc:subfield>
		</marc:datafield>
		<marc:datafield ind1="1" ind2=" " tag="100">
			<marc:subfield code="a">Morpurgo, Michael</marc:subfield>
		</marc:datafield>
		<marc:datafield ind1="0" ind2="0" tag="240">
			<marc:subfield code="a">War horse</marc:subfield>
		</marc:datafield>
		<marc:datafield ind1="1" ind2="0" tag="245">
			<marc:subfield code="a">Cheval de guerre</marc:subfield>
			<marc:subfield code="c">Michael Morpurgo; translated by Andre Dupuis</marc:subfield>
		</marc:datafield>
		<marc:datafield ind1="3" ind2=" " tag="260">
			<marc:subfield code="a">Paris</marc:subfield>
			<marc:subfield code="b">Gallimard</marc:subfield>
			<marc:subfield code="c">2005</marc:subfield>
		</marc:datafield>
		<marc:datafield ind1=" " ind2=" " tag="300">
			<marc:subfield code="a">185 pages</marc:subfield>
			<marc:subfield code="b">Illustrations, cover with colorful illustrations</marc:subfield>
			<marc:subfield code="c">22 cm</marc:subfield>
		</marc:datafield>
		<marc:datafield ind1="1" ind2=" " tag="700">
			<marc:subfield code="a">Dupuis, Andre</marc:subfield>
		</marc:datafield>
		<marc:datafield ind1="0" ind2=" " tag="765">
			<marc:subfield code="w">tauth-004</marc:subfield>
			<marc:subfield code="t">War horse</marc:subfield>
		</marc:datafield>
	</marc:record>
</marc:collection>